<collection xmlns="http://www.loc.gov/MARC21/slim">
<record>
  <leader>02219nam0a22003251i 450 </leader>
  <controlfield tag="001">IT\ICCU\CNCE\048161</controlfield>
  <controlfield tag="005">20100504000000.0</controlfield>
  <datafield tag="012" ind1=" " ind2=" ">
    <subfield code="a">sqn- ues. auo- etus (C) 1550 (R)</subfield>
    <subfield code="2">fei</subfield>
  </datafield>
  <datafield tag="100" ind1=" " ind2=" ">
    <subfield code="a">19990315d1550        0itac0103    ba</subfield>
  </datafield>
  <datafield tag="101" ind1=" " ind2=" ">
    <subfield code="a">LAT</subfield>
  </datafield>
  <datafield tag="102" ind1=" " ind2=" ">
    <subfield code="a">IT</subfield>
  </datafield>
  <datafield tag="200" ind1="1" ind2=" ">
    <subfield code="a">℗Trichassus De Cerasariis Mantuanus ℗De accentibus orationum.  Ad magnificum dominum Sabinum  Collandra Mantuanum. Illustrissimi principis domini Francisci Gonzaga ducis Mantuae secretarium. Millesimo quingentesimo quadragesimo quarto. Nuper Venetiis impressum per Augustinum De Bindonis. Millesimo quingentesimo quinquagesimo. Idem Trichassus in quosdam sui Malleulos &amp; iniquos. Si quos libros quispiam inuenerit nomine Petri Apponensis ac Trichassii Mantuani impressos: sciat illos falso oblatos. Et qui titulum inscripsit aut inscribere fecit: mentitur. Non enim Petrus Apponensis composuit: nec Trichassus exposuit. Opusque ipsum falsum est incorrectumque ac mendaciis quam deprauatum</subfield>
  </datafield>
  <datafield tag="210" ind1=" " ind2=" ">
    <subfield code="a">\Venezia!</subfield>
    <subfield code="c">apud Augustinum de Bindonis</subfield>
    <subfield code="d">1550</subfield>
    <subfield code="e">Impressum Venetiis</subfield>
    <subfield code="g">per Augustinum Bindonem</subfield>
    <subfield code="h">1550</subfield>
  </datafield>
  <datafield tag="215" ind1=" " ind2=" ">
    <subfield code="a">12 c.</subfield>
    <subfield code="d"> 8ʻ</subfield>
  </datafield>
  <datafield tag="620" ind1=" " ind2=" ">
    <subfield code="a">IT</subfield>
    <subfield code="d">Venezia</subfield>
  </datafield>
  <datafield tag="700" ind1=" " ind2="1">
    <subfield code="a">Tricasso,</subfield>
    <subfield code="b">Patrizio</subfield>
    <subfield code="3">IT\ICCU\CNCA\008929</subfield>
  </datafield>
  <datafield tag="712" ind1="0" ind2="0">
    <subfield code="a">Bindoni, Agostino</subfield>
    <subfield code="3">IT\ICCU\CNCT\000031</subfield>
    <subfield code="4">650</subfield>
  </datafield>
  <datafield tag="790" ind1=" " ind2="1">
    <subfield code="a">Tricasso da Cerasari,</subfield>
    <subfield code="b">Patricio</subfield>
    <subfield code="3">IT\ICCU\CNCA\025109</subfield>
    <subfield code="z">Tricasso, Patrizio</subfield>
  </datafield>
  <datafield tag="790" ind1=" " ind2="1">
    <subfield code="a">Tricassus,</subfield>
    <subfield code="b">Patricius</subfield>
    <subfield code="3">IT\ICCU\CNCA\025939</subfield>
    <subfield code="z">Tricasso, Patrizio</subfield>
  </datafield>
  <datafield tag="790" ind1=" " ind2="0">
    <subfield code="a">Tricasso</subfield>
    <subfield code="c"> : Mantuano</subfield>
    <subfield code="3">IT\ICCU\CNCA\026132</subfield>
    <subfield code="z">Tricasso, Patrizio</subfield>
  </datafield>
  <datafield tag="791" ind1="0" ind2="0">
    <subfield code="a">Bindonus, Augustinus</subfield>
    <subfield code="3">IT\ICCU\CNCT\004373</subfield>
    <subfield code="z">Bindoni, Agostino</subfield>
  </datafield>
  <datafield tag="791" ind1="0" ind2="0">
    <subfield code="a">Bindonis, Augustinus de</subfield>
    <subfield code="3">IT\ICCU\CNCT\004374</subfield>
    <subfield code="z">Bindoni, Agostino</subfield>
  </datafield>
  <datafield tag="791" ind1="0" ind2="0">
    <subfield code="a">Bendonus, Augustinus</subfield>
    <subfield code="3">IT\ICCU\CNCT\004375</subfield>
    <subfield code="z">Bindoni, Agostino</subfield>
  </datafield>
  <datafield tag="791" ind1="0" ind2="2">
    <subfield code="a">Agostino Milanese</subfield>
    <subfield code="3">IT\ICCU\CNCT\006177</subfield>
    <subfield code="z">Bindoni, Agostino</subfield>
  </datafield>
  <datafield tag="791" ind1="0" ind2="0">
    <subfield code="a">Milano, Agostino da</subfield>
    <subfield code="3">IT\ICCU\CNCT\006178</subfield>
    <subfield code="z">Bindoni, Agostino</subfield>
  </datafield>
  <datafield tag="791" ind1="0" ind2="0">
    <subfield code="a">Milanese, Agostino</subfield>
    <subfield code="3">IT\ICCU\CNCT\006179</subfield>
    <subfield code="z">Bindoni, Agostino</subfield>
  </datafield>
  <datafield tag="801" ind1=" " ind2="3">
    <subfield code="a">IT</subfield>
    <subfield code="b">ICCU</subfield>
    <subfield code="c">20201115</subfield>
  </datafield>
  <datafield tag="899" ind1=" " ind2=" ">
    <subfield code="a">Biblioteca della Fondazione Ugo da Como. Lonato</subfield>
    <subfield code="1">BS0092</subfield>
    <subfield code="2">LO1 18</subfield>
  </datafield>
  <datafield tag="899" ind1=" " ind2=" ">
    <subfield code="a">Biblioteca universitaria Alessandrina. Roma</subfield>
    <subfield code="1">RM0280</subfield>
    <subfield code="2">RML 01</subfield>
  </datafield>
  <datafield tag="899" ind1=" " ind2=" ">
    <subfield code="a">Biblioteca dell&apos;Accademia nazionale dei Lincei e Corsiniana. Roma</subfield>
    <subfield code="1">RM0418</subfield>
    <subfield code="2">RML 10</subfield>
  </datafield>
</record>
</collection>
